2514 4432
197 171 344 251 'xvrrr'
450 175 518 250 ¹1.
554 123 973 262 mmmm
1064 163 1079 249 „³
1178 227 1185 247 ,

64 363 68 368 ’
186 363 384 459 “sciuntur3
410 354 477 441 nisr
491 353 581 441 scire
596 345 656 456 fir,
675 355 864 442 sexcentas
888 358 1115 440 narrationes
1128 351 1248 460 legisse²

113 473 115 486 '
204 475 302 563 rnale
326 481 423 558 inter
442 475 504 580 se,
541 472 601 554 vel
624 476 715 557 curn
731 474 917 560 'aiiisneri
938 469 1066 554 vbiuis'
1081 489 1248 554 terrarurr

89 659 92 668 ,
183 589 272 700 giusr
279 588 463 716 particulis
471 585 1023 702 cohaerentes,quaefalsaenon
1031 608 1176 674 temere
1185 587 1248 696 poi

190 707 274 796 afint
284 703 355 790 effe
368 732 658 810 omnes,ornnes
667 733 777 789 verae
786 706 859 790 eise
874 704 1248 817 nequaquampoffinr

273 821 475 910 „accidisse
495 824 668 906 videmus
694 822 934 932 in'Orpheo,
972 822 1078 934 quod
1099 825 1142 902 in
1163 817 1247 904 Belo

205 948 320 1040 Ioue,
334 938 519 1045 Hercule,
533 943 687 1042 cereris,
707 967 807 1052 quos
817 936 1026 1022 facinorum
1042 963 1248 1044 magnorun

207 1079 245 1143 et
260 1060 428 1164 gentium
440 1053 636 1162 infigniurn
649 1052 823 1140 nudiores
840 1059 976 1138 vanitas
993 1052 1050 1136 ilia
1059 1059 1190 1162 generi
1200 1053 1248 1134 hu·

102 1177 105 1186 ’
205 1201 321 1262 mano
335 1176 482 1280 propria
499 1173 877 1283 infinitumquantum
886 1170 1167 1278 multiplicauit,
1181 1195 1248 1252 cun

191 1290 256 1378 ,ad
274 1315 406 1396 magna
420 1291 573 1370 nomina
591 1284 729 1370 referre
743 1292 906 1396 origines
924 1289 1008 1368 suas
1029 1284 1190 1368 uniuersa
1205 1313 1248 1366 cu

207 1412 329 1516 pianr„
377 1404 450 1486 Sed
476 1432 563 1486 cunr
583 1401 664 1486 illue
686 1403 924 1512 genealogiae
939 1403 1022 1512 post
1038 1400 1184 1513 aliquot
1197 1404 1248 1484 sae

207 1521 292 1608 cula
306 1520 422 1602 iidem
437 1540 476 1602 et
498 1515 756 1603 audioritatem
777 1518 927 1604 soleant·
945 1526 1116 1602 amittere
1143 1517 1248 1602 fundi

192 1657 290 1736 rus,
319 1657 447 1719 contra
469 1663 511 1722 ea
534 1634 625 1718 iliud
649 1635 811 1722 ssudiunr
832 1635 882 1718 ad
904 1635 1057 1744 Orphea
1083 1631 1248 1718 referend

191 1755 471 1850 .sententiarunr
487 1753 632 1834 suarum
649 1753 860 1861 primordia
878 1779 897 1834 a
917 1751 1082 1860 plurium
1102 1749 1248 1834 saeculo

120 1925 124 1940 ι
168 1951 171 1967 ,
193 1897 297 1970 ,rum
313 1897 410 1977 pene
429 1867 625 1952 obliuione
649 1869 902 1954 resuscitatum
917 1869 991 1972 est,
1025 1869 1074 1952 ad
1087 1849 1186 1949 illrds
1207 1895 1248 1948 au

192 1983 421 2098 ‚dioritarern
433 1989 635 2068 certamine
642 1985 744 2070 v'elut
757 1990 853 2070 inito
867 1981 1165 2093 prouocantibus
1182 1985 1248 2072 hin

192 2102 356 2187 ,ludaeis
378 2121 486 2210 atque
513 2101 749 2205 Christianis,
792 2101 881 2184 hinc
904 2100 953 2184 de
968 2127 1087 2210 ‚noua
1106 2099 1248 2212 Platoni

71 2211 79 2242 ”
208 2217 334 2312 schola
351 2215 604 2326 Philosophis‚
633 2245 796 2330 quorum
809 2215 919 2301 facile
934 2221 1107 2326 princeps
1121 2217 1247 2298 estPro

210 2331 291 2420 clus
307 2337 455 2438 Lyciae
509 2334 584 2416 Sed
597 2333 675 2416 hoc
691 2334 739 2417 de
751 2335 873 2417 studio
884 2335 1028 2442 Orphei
1042 2339 1082 2416 in
1097 2331 1177 2416 suas
1188 2355 1247 2440 par

210 2471 267 2534 res
282 2449 478 2552 trahendi,
505 2449 643 2532 deinde
659 2449 798 2562 aliquid
812 2451 969 2534 dicetur.
1027 2453 1103 2532 Hic
1117 2447 1247 2531 ardiior

210 2569 287 2652 fine
307 2564 571 2673 circumscripsi
586 2565 875 2674 disputationem
894 2568 942 2649 de
957 2566 1127 2673 orphen
1166 2569 1247 2662 Con

45 2703 50 2713 ·
155 2722 157 2730 ’
210 2681 365 2768 siderare
378 2681 498 2790 placet
513 2679 619 2768 ilium
631 2681 752 2766 cultus
768 2687 893 2765 omnis
902 2682 1058 2764 humani
1068 2699 1109 2764 er
1122 2679 1247 2788 religio

211 2827 304 2881 num
318 2795 536 2902 narrarem,
550 2825 620 2910 qua
637 2819 739 2906 parte
755 2797 865 2883 relata
882 2799 986 2880 estin
1000 2798 1158 2906 scriptis,
1176 2821 1246 2907 qua

211 2941 355 2998 nomen
379 2917 448 2996 viri
469 2911 661 3026 hodieque
690 2911 926 3023 praeferunt,
961 2913 1058 2998 iliius
1072 2914 1246 3020 -l'apienria

105 3107 109 3120 ,
212 3051 253 3114 vr
266 3028 293 3113 sr
308 3035 391 3140 quis
406 3029 455 3112 de
468 3029 696 3138 Pythagorae
712 3057 791 3112 non
803 3030 1057 3140 temporibus,
1084 3055 1163 3110 non
1182 3033 1246 3116 uita

211 3171 293 3233 non
314 3145 525 3248 miraculis,
554 3173 633 3228 non
657 3146 879 3254 dogmatum
903 3149 1110 3251 systemate,
1134 3146 1201 3228 led
1223 3146 1246 3234 d

210 3265 335 3348 aureis'
349 3259 595 3366 carminibus,
609 3285 648 3346 et
666 3260 692 3348 sr
712 3290 784 3376 qua
798 3261 865 3345 alia
881 3261 978 3349 illius
991 3259 1199 3370 fragmenta
1213 3263 1246 3342 su

61 3363 75 3490 ζ
213 3379 353 3488 perede
370 3379 559 3483 dicantur,
575 3378 747 3488 disputet.
804 3384 918 3486 igitur
939 3400 1024 3463 ante
1044 3384 1201 3480 omnia,
1223 3403 1245 3458 a

213 3493 327 3578 fuerit
339 3494 474 3605 aliquis
489 3495 689 3604 Orpheus,
704 3495 752 3580 ad
768 3524 906 3606 quem,
925 3521 1022 3606 quae
1038 3494 1183 3580 exstant
1199 3493 1245 3578 ho

194 3611 298 3714 die,
326 3615 487 3694 carmina
504 3610 631 3694 referri
650 3612 807 3719 poffint,
824 3611 1079 3724 quaerendum
1095 3615 1177 3694 erit.
1214 3613 1245 3696 N

195 3753 312 3834 ,opus
325 3729 480 3839 quidem
497 3723 609 3812 fuerit
630 3755 825 3839 quaerere,
854 3727 1170 3841 fiqusquequaque
1185 3749 1245 3822 ver

196 3844 314 3952 »apud
331 3849 559 3927 Ciceronem
576 3841 648 3954 (de
661 3850 706 3928 N.
716 3850 763 3926 D.
779 3851 804 3926 L
820 3873 851 3926 c.
867 3841 946 3952 38),
962 3845 1245 3950 qunupoara

195 3961 303 4044 ,dour
316 3959 508 4063 Aristotcles
526 3989 691 4063 nunqnam
704 3961 826 4068 fiaiffe:
868 3987 947 4071 quo
967 3957 1112 4042 indudii
1135 3959 1244 4041 erudi

198 4075 389 4164 'donnes
405 4075 513 4185 plane
524 4075 801 4162 nullumvixiiie
815 4075 892 4160 hoc
905 4075 1244 4190 nornine-homines

899 4211 902 4220 Ι
1057 4207 1060 4217 ¹
1176 4194 1244 4276 arbi
