<?xml version="1.0" encoding="UTF-8"?>
<!DOCTYPE html PUBLIC "-//W3C//DTD XHTML 1.0 Transitional//EN"
    "http://www.w3.org/TR/xhtml1/DTD/xhtml1-transitional.dtd">
<html xmlns="http://www.w3.org/1999/xhtml" xml:lang="en" lang="en">
 <head>
  <title>
</title>
<meta http-equiv="Content-Type" content="text/html;charset=utf-8" />
  <meta name='ocr-system' content='tesseract 3.04.00' />
  <meta name='ocr-capabilities' content='ocr_page ocr_carea ocr_par ocr_line ocrx_word'/>
</head>
<body>
  <div class='ocr_page' id='page_1' title='image "argonauticahymn00unkngoog_0021.png"; bbox 0 0 2514 4432; ppageno 0'>
   <div class='ocr_carea' id='block_1_1' title="bbox 323 109 1153 182">
    <p class='ocr_par' dir='ltr' id='par_1_1' title="bbox 323 109 1153 182">
     <span class='ocr_line' id='line_1_1' title="bbox 323 109 1153 182; baseline -0.012 0"><span class='ocrx_word' id='word_1_1' title='bbox 323 109 776 182; x_wconf 79' lang='lat' dir='ltr'><strong>PRAEFATIO</strong></span> <span class='ocrx_word' id='word_1_2' title='bbox 1016 131 1153 178; x_wconf 71' lang='lat' dir='ltr'>nu,</span> 
     </span>
    </p>
   </div>
   <div class='ocr_carea' id='block_1_2' title="bbox 33 282 1189 2734">
    <p class='ocr_par' dir='ltr' id='par_1_2' title="bbox 21 282 1189 2040">
     <span class='ocr_line' id='line_1_2' title="bbox 35 282 1096 406; baseline -0.001 -28.013"><span class='ocrx_word' id='word_1_3' title='bbox 35 299 238 406; x_wconf 87' lang='lat' dir='ltr'>potuimus)</span> <span class='ocrx_word' id='word_1_4' title='bbox 257 282 546 402; x_wconf 69' lang='lat' dir='ltr'>lotinornsotiam.</span> <span class='ocrx_word' id='word_1_5' title='bbox 605 295 710 375; x_wconf 83' lang='lat' dir='ltr'><strong>Ante</strong></span> <span class='ocrx_word' id='word_1_6' title='bbox 726 283 947 399; x_wconf 82' lang='lat' dir='ltr'>ArgeIatum</span> <span class='ocrx_word' id='word_1_7' title='bbox 971 294 1096 377; x_wconf 87' lang='lat' dir='ltr'>deeo-</span> 
     </span>
     <span class='ocr_line' id='line_1_3' title="bbox 37 411 1094 516; baseline 0.003 -22"><span class='ocrx_word' id='word_1_8' title='bbox 37 415 107 494; x_wconf 89' lang='lat' dir='ltr'>dem</span> <span class='ocrx_word' id='word_1_9' title='bbox 132 418 302 494; x_wconf 89' lang='lat' dir='ltr'>nomine</span> <span class='ocrx_word' id='word_1_10' title='bbox 318 416 431 497; x_wconf 86' lang='lat' dir='ltr'>etiarn</span> <span class='ocrx_word' id='word_1_11' title='bbox 448 411 642 512; x_wconf 75' lang='lat' dir='ltr'>BarthiuS,</span> <span class='ocrx_word' id='word_1_12' title='bbox 672 417 760 492; x_wconf 87' lang='lat' dir='ltr'>Stat.</span> <span class='ocrx_word' id='word_1_13' title='bbox 778 411 906 493; x_wconf 86' lang='lat' dir='ltr'>Theb.</span> <span class='ocrx_word' id='word_1_14' title='bbox 925 419 993 512; x_wconf 85' lang='lat' dir='ltr'>ttt,</span> <span class='ocrx_word' id='word_1_15' title='bbox 1016 438 1094 516; x_wconf 77' lang='lat'>352.</span> 
     </span>
     <span class='ocr_line' id='line_1_4' title="bbox 36 525 1095 636; baseline -0.003 -25"><span class='ocrx_word' id='word_1_16' title='bbox 36 531 72 611; x_wconf 92' lang='lat' dir='ltr'>ad</span> <span class='ocrx_word' id='word_1_17' title='bbox 84 525 353 612; x_wconf 69' lang='lat' dir='ltr'>austeritatem</span> <span class='ocrx_word' id='word_1_18' title='bbox 363 526 455 614; x_wconf 79' lang='lat' dir='ltr'>nidi</span> <span class='ocrx_word' id='word_1_19' title='bbox 469 544 761 636; x_wconf 79' lang='lat' dir='ltr'>prouocauerac&#39;</span> <span class='ocrx_word' id='word_1_20' title='bbox 813 534 927 609; x_wconf 87' lang='lat' dir='ltr'>Variis</span> <span class='ocrx_word' id='word_1_21' title='bbox 943 527 1001 609; x_wconf 89' lang='lat' dir='ltr'>his</span> <span class='ocrx_word' id='word_1_22' title='bbox 1014 528 1095 608; x_wconf 88' lang='lat' dir='ltr'>edi-</span> 
     </span>
     <span class='ocr_line' id='line_1_5' title="bbox 34 643 1094 754; baseline -0.001 -27"><span class='ocrx_word' id='word_1_23' title='bbox 34 644 189 729; x_wconf 82' lang='lat' dir='ltr'>tionibus</span> <span class='ocrx_word' id='word_1_24' title='bbox 214 671 351 754; x_wconf 86' lang='lat' dir='ltr'>parum</span> <span class='ocrx_word' id='word_1_25' title='bbox 377 645 526 726; x_wconf 14' lang='lat' dir='ltr'>ardiutus</span> <span class='ocrx_word' id='word_1_26' title='bbox 551 643 760 754; x_wconf 79' lang='lat' dir='ltr'>Orpheus,</span> <span class='ocrx_word' id='word_1_27' title='bbox 804 647 1032 726; x_wconf 82' lang='lat' dir='ltr'>medicinam</span> <span class='ocrx_word' id='word_1_28' title='bbox 1056 663 1094 726; x_wconf 87' lang='lat' dir='ltr'>et</span> 
     </span>
     <span class='ocr_line' id='line_1_6' title="bbox 34 755 1093 896; baseline -0.002 -52"><span class='ocrx_word' id='word_1_29' title='bbox 34 761 174 844; x_wconf 86' lang='lat' dir='ltr'>salutern</span> <span class='ocrx_word' id='word_1_30' title='bbox 192 761 320 845; x_wconf 86' lang='lat' dir='ltr'>adhuc</span> <span class='ocrx_word' id='word_1_31' title='bbox 346 755 578 868; x_wconf 79' lang='lat' dir='ltr'>expetubat.</span> <span class='ocrx_word' id='word_1_32' title='bbox 633 757 736 842; x_wconf 83' lang='lat' dir='ltr'>lliam</span> <span class='ocrx_word' id='word_1_33' title='bbox 763 758 828 896; x_wconf 86' lang='lat' dir='ltr'>ipsr</span> <span class='ocrx_word' id='word_1_34' title='bbox 849 759 1021 842; x_wconf 80' lang='lat' dir='ltr'>adhibuit</span> <span class='ocrx_word' id='word_1_35' title='bbox 1044 761 1093 842; x_wconf 87' lang='lat' dir='ltr'>de</span> 
     </span>
     <span class='ocr_line' id='line_1_7' title="bbox 33 877 1093 984; baseline 0 -24"><span class='ocrx_word' id='word_1_36' title='bbox 33 883 161 983; x_wconf 80' lang='lat' dir='ltr'>graecis</span> <span class='ocrx_word' id='word_1_37' title='bbox 187 877 312 960; x_wconf 80' lang='lat' dir='ltr'>literis</span> <span class='ocrx_word' id='word_1_38' title='bbox 337 882 512 960; x_wconf 89' lang='lat' dir='ltr'>omnium</span> <span class='ocrx_word' id='word_1_39' title='bbox 547 880 693 984; x_wconf 88' lang='lat' dir='ltr'>optime</span> <span class='ocrx_word' id='word_1_40' title='bbox 723 883 880 959; x_wconf 88' lang='lat' dir='ltr'>meritus</span> <span class='ocrx_word' id='word_1_41' title='bbox 906 879 1093 960; x_wconf 84' lang='lat' dir='ltr'>Henricus</span> 
     </span>
     <span class='ocr_line' id='line_1_8' title="bbox 33 981 1094 1110; baseline -0.004 -34"><span class='ocrx_word' id='word_1_42' title='bbox 33 996 256 1106; x_wconf 51' lang='lat' dir='ltr'>Stephanum</span> <span class='ocrx_word' id='word_1_43' title='bbox 272 1021 337 1104; x_wconf 91' lang='lat' dir='ltr'>qut</span> <span class='ocrx_word' id='word_1_44' title='bbox 329 990 441 1074; x_wconf 88' lang='lat' dir='ltr'>licet</span> <span class='ocrx_word' id='word_1_45' title='bbox 457 992 638 1076; x_wconf 88' lang='lat' dir='ltr'>codicum</span> <span class='ocrx_word' id='word_1_46' title='bbox 652 992 874 1074; x_wconf 82' lang='lat' dir='ltr'>adiumento</span> <span class='ocrx_word' id='word_1_47' title='bbox 887 981 1094 1110; x_wconf 76' lang='lat' dir='ltr'>destitutus,</span> 
     </span>
     <span class='ocr_line' id='line_1_9' title="bbox 34 1106 1094 1223; baseline -0.003 -32"><span class='ocrx_word' id='word_1_48' title='bbox 34 1113 90 1194; x_wconf 88' lang='lat' dir='ltr'>tuo</span> <span class='ocrx_word' id='word_1_49' title='bbox 102 1131 237 1194; x_wconf 90' lang='lat' dir='ltr'>tamen</span> <span class='ocrx_word' id='word_1_50' title='bbox 252 1137 419 1216; x_wconf 78' lang='lat' dir='ltr'>ingenio,</span> <span class='ocrx_word' id='word_1_51' title='bbox 433 1139 511 1223; x_wconf 91' lang='lat' dir='ltr'>quo</span> <span class='ocrx_word' id='word_1_52' title='bbox 529 1109 714 1218; x_wconf 84' lang='lat' dir='ltr'>gaudebat</span> <span class='ocrx_word' id='word_1_53' title='bbox 725 1106 957 1217; x_wconf 86' lang='lat' dir='ltr'>felrcrffimo</span> <span class='ocrx_word' id='word_1_54' title='bbox 975 1129 1014 1189; x_wconf 90' lang='lat' dir='ltr'>et</span> <span class='ocrx_word' id='word_1_55' title='bbox 1029 1137 1094 1188; x_wconf 86' lang='lat' dir='ltr'>ex</span> 
     </span>
     <span class='ocr_line' id='line_1_10' title="bbox 34 1226 1094 1337; baseline -0.001 -29"><span class='ocrx_word' id='word_1_56' title='bbox 34 1226 145 1336; x_wconf 78' lang='lat' dir='ltr'>quisita</span> <span class='ocrx_word' id='word_1_57' title='bbox 169 1226 367 1310; x_wconf 77' lang='lat' dir='ltr'>dosirina</span> <span class='ocrx_word' id='word_1_58' title='bbox 355 1233 563 1337; x_wconf 85' lang='lat' dir='ltr'>,inopiam</span> <span class='ocrx_word' id='word_1_59' title='bbox 580 1233 630 1307; x_wconf 90' lang='lat' dir='ltr'>ita</span> <span class='ocrx_word' id='word_1_60' title='bbox 647 1227 924 1333; x_wconf 88' lang='lat' dir='ltr'>compensauit,</span> <span class='ocrx_word' id='word_1_61' title='bbox 959 1245 1001 1307; x_wconf 93' lang='lat' dir='ltr'>vt</span> <span class='ocrx_word' id='word_1_62' title='bbox 1017 1229 1094 1308; x_wconf 89' lang='lat' dir='ltr'>eie-</span> 
     </span>
     <span class='ocr_line' id='line_1_11' title="bbox 34 1293 1145 1453; baseline 0 -29"><span class='ocrx_word' id='word_1_63' title='bbox 34 1343 91 1425; x_wconf 80' lang='lat' dir='ltr'>dis</span> <span class='ocrx_word' id='word_1_64' title='bbox 117 1349 294 1453; x_wconf 80' lang='lat' dir='ltr'>priorum</span> <span class='ocrx_word' id='word_1_65' title='bbox 315 1293 528 1425; x_wconf 86' lang='lat' dir='ltr'>editionum</span> <span class='ocrx_word' id='word_1_66' title='bbox 550 1347 677 1446; x_wconf 87' lang='lat' dir='ltr'>vitiis,</span> <span class='ocrx_word' id='word_1_67' title='bbox 715 1340 938 1453; x_wconf 78' lang='lat' dir='ltr'>detersisque</span> <span class='ocrx_word' id='word_1_68' title='bbox 959 1340 1093 1424; x_wconf 90' lang='lat' dir='ltr'>scriba·</span> <span class='ocrx_word' id='word_1_69' title='bbox 1142 1339 1145 1348; x_wconf 71' lang='lat'>&#39;</span> 
     </span>
     <span class='ocr_line' id='line_1_12' title="bbox 35 1457 1094 1574; baseline -0.001 -33"><span class='ocrx_word' id='word_1_70' title='bbox 35 1488 106 1542; x_wconf 89' lang='lat' dir='ltr'>rum</span> <span class='ocrx_word' id='word_1_71' title='bbox 119 1461 295 1574; x_wconf 82' lang='lat' dir='ltr'>maculis,</span> <span class='ocrx_word' id='word_1_72' title='bbox 315 1459 474 1568; x_wconf 89' lang='lat' dir='ltr'>Orpheo</span> <span class='ocrx_word' id='word_1_73' title='bbox 485 1457 565 1542; x_wconf 88' lang='lat' dir='ltr'>fere</span> <span class='ocrx_word' id='word_1_74' title='bbox 580 1457 942 1564; x_wconf 85' lang='lat' dir='ltr'>integritatemsuatn</span> <span class='ocrx_word' id='word_1_75' title='bbox 958 1457 1094 1540; x_wconf 88' lang='lat' dir='ltr'>redde·</span> 
     </span>
     <span class='ocr_line' id='line_1_13' title="bbox 35 1575 1095 1686; baseline 0.003 -31"><span class='ocrx_word' id='word_1_76' title='bbox 35 1597 102 1678; x_wconf 89' lang='lat' dir='ltr'>ret,</span> <span class='ocrx_word' id='word_1_77' title='bbox 122 1598 161 1659; x_wconf 91' lang='lat' dir='ltr'>et</span> <span class='ocrx_word' id='word_1_78' title='bbox 176 1583 261 1660; x_wconf 90' lang='lat' dir='ltr'>iure</span> <span class='ocrx_word' id='word_1_79' title='bbox 276 1577 567 1686; x_wconf 81' lang='lat' dir='ltr'>sospitatoreius</span> <span class='ocrx_word' id='word_1_80' title='bbox 581 1575 771 1660; x_wconf 88' lang='lat' dir='ltr'>habeatur.</span> <span class='ocrx_word' id='word_1_81' title='bbox 830 1583 882 1658; x_wconf 84' lang='lat' dir='ltr'>lta</span> <span class='ocrx_word' id='word_1_82' title='bbox 897 1596 1095 1683; x_wconf 84' lang='lat' dir='ltr'>purgatum</span> 
     </span>
     <span class='ocr_line' id='line_1_14' title="bbox 36 1692 1094 1801; baseline -0.001 -28"><span class='ocrx_word' id='word_1_83' title='bbox 36 1698 121 1775; x_wconf 90' lang='lat' dir='ltr'>inter</span> <span class='ocrx_word' id='word_1_84' title='bbox 139 1694 232 1776; x_wconf 91' lang='lat' dir='ltr'>suos</span> <span class='ocrx_word' id='word_1_85' title='bbox 249 1701 383 1776; x_wconf 69' lang='lat' dir='ltr'>Poetae</span> <span class='ocrx_word' id='word_1_86' title='bbox 403 1719 559 1801; x_wconf 85' lang='lat' dir='ltr'>graecos</span> <span class='ocrx_word' id='word_1_87' title='bbox 584 1694 770 1801; x_wconf 82' lang='lat' dir='ltr'>principes</span> <span class='ocrx_word' id='word_1_88' title='bbox 791 1692 939 1774; x_wconf 89' lang='lat' dir='ltr'>heroici</span> <span class='ocrx_word' id='word_1_89' title='bbox 959 1695 1094 1774; x_wconf 87' lang='lat' dir='ltr'>carmi-</span> 
     </span>
     <span class='ocr_line' id='line_1_15' title="bbox 37 1806 1189 1919; baseline -0.001 -29"><span class='ocrx_word' id='word_1_90' title='bbox 37 1813 101 1910; x_wconf 85' lang='lat' dir='ltr'>nis,</span> <span class='ocrx_word' id='word_1_91' title='bbox 128 1806 991 1919; x_wconf 74' lang='lat' dir='ltr'>a.1566.sacuampoetamedrdttStephanus‚</span> <span class='ocrx_word' id='word_1_92' title='bbox 1010 1811 1093 1916; x_wconf 88' lang='lat' dir='ltr'>post</span> <span class='ocrx_word' id='word_1_93' title='bbox 1125 1819 1129 1825; x_wconf 78' lang='grc'><strong>“</strong></span> <span class='ocrx_word' id='word_1_94' title='bbox 1186 1820 1189 1828; x_wconf 83' lang='grc'><strong>“</strong></span> 
     </span>
     <span class='ocr_line' id='line_1_16' title="bbox 39 1921 1093 2040; baseline 0.001 -36"><span class='ocrx_word' id='word_1_95' title='bbox 39 1931 132 2008; x_wconf 90' lang='lat' dir='ltr'>cuius</span> <span class='ocrx_word' id='word_1_96' title='bbox 167 1926 401 2032; x_wconf 78' lang='lat' dir='ltr'>diligentiam</span> <span class='ocrx_word' id='word_1_97' title='bbox 435 1923 718 2040; x_wconf 87' lang='lat' dir='ltr'>aseqoentibus</span> <span class='ocrx_word' id='word_1_98' title='bbox 749 1921 901 2008; x_wconf 86' lang='lat' dir='ltr'>duobus</span> <span class='ocrx_word' id='word_1_99' title='bbox 938 1924 1093 2007; x_wconf 88' lang='lat' dir='ltr'>editori·</span> 
     </span>
    </p>

    <p class='ocr_par' dir='ltr' id='par_1_3' title="bbox 40 2038 1111 2734">
     <span class='ocr_line' id='line_1_17' title="bbox 40 2038 1093 2178; baseline 0.005 -59"><span class='ocrx_word' id='word_1_100' title='bbox 40 2038 120 2144; x_wconf 83' lang='lat' dir='ltr'>bus,</span> <span class='ocrx_word' id='word_1_101' title='bbox 139 2041 317 2150; x_wconf 52' lang='lat' dir='ltr'>,Lectio</span> <span class='ocrx_word' id='word_1_102' title='bbox 353 2065 394 2126; x_wconf 89' lang='lat' dir='ltr'>et</span> <span class='ocrx_word' id='word_1_103' title='bbox 407 2047 555 2126; x_wconf 86' lang='lat' dir='ltr'>iuuene</span> <span class='ocrx_word' id='word_1_104' title='bbox 569 2038 882 2143; x_wconf 85' lang='lat' dir='ltr'>Eschenbachio,</span> <span class='ocrx_word' id='word_1_105' title='bbox 927 2067 1093 2178; x_wconf 83' lang='lat' dir='ltr'>quorum</span> 
     </span>
     <span class='ocr_line' id='line_1_18' title="bbox 40 2155 1111 2268; baseline 0.003 -32"><span class='ocrx_word' id='word_1_106' title='bbox 40 2155 142 2244; x_wconf 87' lang='lat' dir='ltr'>libros</span> <span class='ocrx_word' id='word_1_107' title='bbox 167 2160 358 2242; x_wconf 89' lang='lat' dir='ltr'>Gesnerus</span> <span class='ocrx_word' id='word_1_108' title='bbox 379 2164 516 2268; x_wconf 87' lang='lat' dir='ltr'>pariter</span> <span class='ocrx_word' id='word_1_109' title='bbox 536 2159 740 2261; x_wconf 87' lang='lat' dir='ltr'>consuluit,</span> <span class='ocrx_word' id='word_1_110' title='bbox 776 2163 855 2240; x_wconf 91' lang='lat' dir='ltr'>eius</span> <span class='ocrx_word' id='word_1_111' title='bbox 880 2163 1093 2240; x_wconf 86' lang='lat' dir='ltr'>annotatio-</span> <span class='ocrx_word' id='word_1_112' title='bbox 1106 2193 1111 2204; x_wconf 51' lang='grc'><strong>«</strong></span> 
     </span>
     <span class='ocr_line' id='line_1_19' title="bbox 41 2275 1093 2386; baseline 0.003 -33"><span class='ocrx_word' id='word_1_113' title='bbox 41 2299 96 2355; x_wconf 89' lang='lat' dir='ltr'>nes</span> <span class='ocrx_word' id='word_1_114' title='bbox 110 2275 196 2358; x_wconf 88' lang='lat' dir='ltr'>suae</span> <span class='ocrx_word' id='word_1_115' title='bbox 221 2277 379 2358; x_wconf 83' lang='lat' dir='ltr'>editioni</span> <span class='ocrx_word' id='word_1_116' title='bbox 400 2277 570 2378; x_wconf 87' lang='lat' dir='ltr'>inseruit,</span> <span class='ocrx_word' id='word_1_117' title='bbox 605 2280 670 2358; x_wconf 90' lang='lat' dir='ltr'>vix</span> <span class='ocrx_word' id='word_1_118' title='bbox 694 2277 895 2386; x_wconf 87' lang='lat' dir='ltr'>quicquam</span> <span class='ocrx_word' id='word_1_119' title='bbox 916 2279 1093 2357; x_wconf 87' lang='lat' dir='ltr'>immuta-</span> 
     </span>
     <span class='ocr_line' id='line_1_20' title="bbox 42 2390 1092 2504; baseline 0.003 -35"><span class='ocrx_word' id='word_1_120' title='bbox 42 2409 128 2495; x_wconf 83' lang='lat' dir='ltr'>tum,</span> <span class='ocrx_word' id='word_1_121' title='bbox 146 2393 209 2474; x_wconf 89' lang='lat' dir='ltr'>vel</span> <span class='ocrx_word' id='word_1_122' title='bbox 223 2390 401 2502; x_wconf 82' lang='lat' dir='ltr'>praeclari</span> <span class='ocrx_word' id='word_1_123' title='bbox 417 2391 609 2504; x_wconf 85' lang='lat' dir='ltr'>aliquid-in</span> <span class='ocrx_word' id='word_1_124' title='bbox 625 2393 684 2474; x_wconf 91' lang='lat' dir='ltr'>his</span> <span class='ocrx_word' id='word_1_125' title='bbox 701 2390 927 2474; x_wconf 86' lang='lat' dir='ltr'>carminibus</span> <span class='ocrx_word' id='word_1_126' title='bbox 941 2393 1092 2498; x_wconf 87' lang='lat' dir='ltr'>praesti·</span> 
     </span>
     <span class='ocr_line' id='line_1_21' title="bbox 43 2508 1094 2592; baseline 0.001 -5"><span class='ocrx_word' id='word_1_127' title='bbox 43 2511 187 2592; x_wconf 87' lang='lat' dir='ltr'>tumest.</span> <span class='ocrx_word' id='word_1_128' title='bbox 244 2509 309 2591; x_wconf 88' lang='lat' dir='ltr'>Ad</span> <span class='ocrx_word' id='word_1_129' title='bbox 324 2510 423 2591; x_wconf 84' lang='lat' dir='ltr'>hanc</span> <span class='ocrx_word' id='word_1_130' title='bbox 435 2514 593 2592; x_wconf 91' lang='lat' dir='ltr'>Henrici</span> <span class='ocrx_word' id='word_1_131' title='bbox 607 2512 814 2592; x_wconf 86' lang='lat' dir='ltr'>editionem</span> <span class='ocrx_word' id='word_1_132' title='bbox 826 2508 934 2590; x_wconf 73' lang='lat' dir='ltr'>,suam</span> <span class='ocrx_word' id='word_1_133' title='bbox 959 2513 1094 2588; x_wconf 88' lang='lat' dir='ltr'>carmi·</span> 
     </span>
     <span class='ocr_line' id='line_1_22' title="bbox 44 2621 1093 2734; baseline 0.004 -33"><span class='ocrx_word' id='word_1_134' title='bbox 44 2649 122 2706; x_wconf 89' lang='lat' dir='ltr'>num</span> <span class='ocrx_word' id='word_1_135' title='bbox 135 2625 393 2734; x_wconf 85' lang='lat' dir='ltr'>Orphicorurn</span> <span class='ocrx_word' id='word_1_136' title='bbox 408 2623 663 2708; x_wconf 76' lang='lat' dir='ltr'>recensionem</span> <span class='ocrx_word' id='word_1_137' title='bbox 676 2625 830 2707; x_wconf 87' lang='lat' dir='ltr'>instituit</span> <span class='ocrx_word' id='word_1_138' title='bbox 838 2621 874 2705; x_wconf 92' lang='lat' dir='ltr'>b.</span> <span class='ocrx_word' id='word_1_139' title='bbox 890 2623 1093 2724; x_wconf 80' lang='lat' dir='ltr'>Gesnerus,</span> 
     </span>
    </p>
   </div>
   <div class='ocr_carea' id='block_1_3' title="bbox 44 2737 1218 2843">
    <p class='ocr_par' dir='ltr' id='par_1_4' title="bbox 44 2737 1218 2843">
     <span class='ocr_line' id='line_1_23' title="bbox 44 2737 1218 2843; baseline 0.008 -28"><span class='ocrx_word' id='word_1_140' title='bbox 44 2741 84 2819; x_wconf 91' lang='lat' dir='ltr'>ita</span> <span class='ocrx_word' id='word_1_141' title='bbox 104 2761 142 2823; x_wconf 88' lang='lat' dir='ltr'>vt</span> <span class='ocrx_word' id='word_1_142' title='bbox 156 2739 396 2825; x_wconf 82' lang='lat' dir='ltr'>suadentibus</span> <span class='ocrx_word' id='word_1_143' title='bbox 419 2743 480 2823; x_wconf 87' lang='lat' dir='ltr'>vel</span> <span class='ocrx_word' id='word_1_144' title='bbox 505 2742 683 2826; x_wconf 90' lang='lat' dir='ltr'>codicum</span> <span class='ocrx_word' id='word_1_145' title='bbox 704 2737 1005 2843; x_wconf 62' lang='lat' dir='ltr'>auciodtatibus‚</span> <span class='ocrx_word' id='word_1_146' title='bbox 1033 2737 1094 2821; x_wconf 93' lang='lat' dir='ltr'>vel</span> <span class='ocrx_word' id='word_1_147' title='bbox 1217 2815 1218 2824; x_wconf 27' lang='lat' dir='ltr'>i</span> 
     </span>
    </p>
   </div>
   <div class='ocr_carea' id='block_1_4' title="bbox 46 2852 1235 4106">
    <p class='ocr_par' dir='ltr' id='par_1_5' title="bbox 46 2852 1235 4106">
     <span class='ocr_line' id='line_1_24' title="bbox 46 2852 1206 2960; baseline -0.002 -26"><span class='ocrx_word' id='word_1_148' title='bbox 46 2853 360 2960; x_wconf 75' lang='lat' dir='ltr'>dirutionibus,</span> <span class='ocrx_word' id='word_1_149' title='bbox 391 2857 589 2942; x_wconf 86' lang='lat' dir='ltr'>meliorem</span> <span class='ocrx_word' id='word_1_150' title='bbox 611 2854 815 2942; x_wconf 70' lang='lat' dir='ltr'>sessionem</span> <span class='ocrx_word' id='word_1_151' title='bbox 843 2852 1093 2940; x_wconf 71' lang='lat' dir='ltr'>coniesturas·</span> <span class='ocrx_word' id='word_1_152' title='bbox 1198 2911 1206 2932; x_wconf 56' lang='lat'><em>2</em></span> 
     </span>
     <span class='ocr_line' id='line_1_25' title="bbox 48 2969 1094 3080; baseline 0.006 -28"><span class='ocrx_word' id='word_1_153' title='bbox 48 2997 108 3080; x_wconf 88' lang='lat' dir='ltr'>que</span> <span class='ocrx_word' id='word_1_154' title='bbox 118 2972 250 3058; x_wconf 79' lang='lat' dir='ltr'>felices</span> <span class='ocrx_word' id='word_1_155' title='bbox 270 2971 329 3059; x_wconf 87' lang='lat' dir='ltr'>vel</span> <span class='ocrx_word' id='word_1_156' title='bbox 345 2975 427 3058; x_wconf 87' lang='lat' dir='ltr'>suas</span> <span class='ocrx_word' id='word_1_157' title='bbox 441 2975 501 3058; x_wconf 88' lang='lat' dir='ltr'>vel</span> <span class='ocrx_word' id='word_1_158' title='bbox 517 2974 676 3059; x_wconf 87' lang='lat' dir='ltr'>aliorum</span> <span class='ocrx_word' id='word_1_159' title='bbox 693 2979 861 3056; x_wconf 88' lang='lat' dir='ltr'>virorum</span> <span class='ocrx_word' id='word_1_160' title='bbox 887 2969 1094 3058; x_wconf 80' lang='lat' dir='ltr'>dottormn</span> 
     </span>
     <span class='ocr_line' id='line_1_26' title="bbox 46 3082 1092 3202; baseline 0.01 -38"><span class='ocrx_word' id='word_1_161' title='bbox 46 3082 192 3194; x_wconf 61' lang='lat' dir='ltr'>teutoni„</span> <span class='ocrx_word' id='word_1_162' title='bbox 205 3088 392 3198; x_wconf 84' lang='lat' dir='ltr'>vulgatae,</span> <span class='ocrx_word' id='word_1_163' title='bbox 431 3097 576 3202; x_wconf 84' lang='lat' dir='ltr'>stopus</span> <span class='ocrx_word' id='word_1_164' title='bbox 601 3093 811 3191; x_wconf 86' lang='lat' dir='ltr'>videretur,</span> <span class='ocrx_word' id='word_1_165' title='bbox 847 3087 1092 3174; x_wconf 87' lang='lat' dir='ltr'>substitueret.</span> 
     </span>
     <span class='ocr_line' id='line_1_27' title="bbox 48 3205 1095 3320; baseline 0.007 -38"><span class='ocrx_word' id='word_1_166' title='bbox 48 3205 107 3286; x_wconf 86' lang='lat' dir='ltr'>Sed</span> <span class='ocrx_word' id='word_1_167' title='bbox 128 3228 263 3320; x_wconf 85' lang='lat' dir='ltr'>quanta</span> <span class='ocrx_word' id='word_1_168' title='bbox 287 3209 499 3312; x_wconf 86' lang='lat' dir='ltr'>modestia,</span> <span class='ocrx_word' id='word_1_169' title='bbox 545 3229 679 3320; x_wconf 80' lang='lat' dir='ltr'>quanta</span> <span class='ocrx_word' id='word_1_170' title='bbox 701 3207 901 3292; x_wconf 80' lang='lat' dir='ltr'>timiditate</span> <span class='ocrx_word' id='word_1_171' title='bbox 925 3206 989 3289; x_wconf 92' lang='lat' dir='ltr'>hic</span> <span class='ocrx_word' id='word_1_172' title='bbox 1012 3233 1095 3289; x_wconf 88' lang='lat' dir='ltr'>rem</span> 
     </span>
     <span class='ocr_line' id='line_1_28' title="bbox 49 3320 1094 3437; baseline 0 -31"><span class='ocrx_word' id='word_1_173' title='bbox 49 3323 402 3426; x_wconf 60' lang='lat' dir='ltr'>promittendus,</span> <span class='ocrx_word' id='word_1_174' title='bbox 438 3353 552 3437; x_wconf 88' lang='lat' dir='ltr'>quarn</span> <span class='ocrx_word' id='word_1_175' title='bbox 573 3332 687 3409; x_wconf 86' lang='lat' dir='ltr'>etiam</span> <span class='ocrx_word' id='word_1_176' title='bbox 711 3331 750 3407; x_wconf 92' lang='lat' dir='ltr'>in</span> <span class='ocrx_word' id='word_1_177' title='bbox 774 3321 852 3407; x_wconf 91' lang='lat' dir='ltr'>hoc</span> <span class='ocrx_word' id='word_1_178' title='bbox 876 3320 1064 3407; x_wconf 75' lang='lat' dir='ltr'>austore</span> <span class='ocrx_word' id='word_1_179' title='bbox 1052 3349 1094 3406; x_wconf 93' lang='lat' dir='ltr'>1n</span> 
     </span>
     <span class='ocr_line' id='line_1_29' title="bbox 49 3439 1096 3552; baseline 0.005 -33"><span class='ocrx_word' id='word_1_180' title='bbox 49 3459 175 3540; x_wconf 84' lang='lat' dir='ltr'>partem</span> <span class='ocrx_word' id='word_1_181' title='bbox 199 3448 407 3526; x_wconf 87' lang='lat' dir='ltr'>cautiorem</span> <span class='ocrx_word' id='word_1_182' title='bbox 422 3469 531 3526; x_wconf 88' lang='lat' dir='ltr'>more</span> <span class='ocrx_word' id='word_1_183' title='bbox 555 3445 624 3526; x_wconf 91' lang='lat' dir='ltr'>suo</span> <span class='ocrx_word' id='word_1_184' title='bbox 646 3469 822 3552; x_wconf 86' lang='lat' dir='ltr'>peccare,</span> <span class='ocrx_word' id='word_1_185' title='bbox 851 3463 890 3524; x_wconf 93' lang='lat' dir='ltr'>et</span> <span class='ocrx_word' id='word_1_186' title='bbox 906 3439 1096 3546; x_wconf 86' lang='lat' dir='ltr'>vulgatam</span> 
     </span>
     <span class='ocr_line' id='line_1_30' title="bbox 50 3548 1213 3670; baseline 0.008 -40"><span class='ocrx_word' id='word_1_187' title='bbox 50 3548 235 3648; x_wconf 75' lang='lat' dir='ltr'>teutonem</span> <span class='ocrx_word' id='word_1_188' title='bbox 252 3563 414 3641; x_wconf 87' lang='lat' dir='ltr'>retinere</span> <span class='ocrx_word' id='word_1_189' title='bbox 430 3555 622 3663; x_wconf 85' lang='lat' dir='ltr'>maluerit,</span> <span class='ocrx_word' id='word_1_190' title='bbox 660 3585 773 3670; x_wconf 84' lang='lat' dir='ltr'>quant</span> <span class='ocrx_word' id='word_1_191' title='bbox 790 3562 1006 3641; x_wconf 85' lang='lat' dir='ltr'>temeritatis</span> <span class='ocrx_word' id='word_1_192' title='bbox 1023 3562 1096 3640; x_wconf 86' lang='lat' dir='ltr'>cri·</span> <span class='ocrx_word' id='word_1_193' title='bbox 1208 3603 1213 3616; x_wconf 77' lang='lat'>=</span> 
     </span>
     <span class='ocr_line' id='line_1_31' title="bbox 51 3670 1094 3788; baseline 0.005 -35"><span class='ocrx_word' id='word_1_194' title='bbox 51 3670 129 3754; x_wconf 80' lang='lat' dir='ltr'>ttcae</span> <span class='ocrx_word' id='word_1_195' title='bbox 138 3676 354 3776; x_wconf 80' lang='lat' dir='ltr'>ancusarr‚et</span> <span class='ocrx_word' id='word_1_196' title='bbox 363 3673 501 3788; x_wconf 75' lang='lat' dir='ltr'>ahquid</span> <span class='ocrx_word' id='word_1_197' title='bbox 511 3705 665 3785; x_wconf 89' lang='lat' dir='ltr'>ponere,</span> <span class='ocrx_word' id='word_1_198' title='bbox 675 3677 779 3788; x_wconf 90' lang='lat' dir='ltr'>quod</span> <span class='ocrx_word' id='word_1_199' title='bbox 788 3702 868 3756; x_wconf 95' lang='lat' dir='ltr'>non</span> <span class='ocrx_word' id='word_1_200' title='bbox 878 3701 935 3754; x_wconf 87' lang='lat' dir='ltr'>tes</span> <span class='ocrx_word' id='word_1_201' title='bbox 945 3675 1094 3784; x_wconf 80' lang='lat' dir='ltr'>ipsapo</span> 
     </span>
     <span class='ocr_line' id='line_1_32' title="bbox 51 3782 1096 3902; baseline 0.007 -37.088"><span class='ocrx_word' id='word_1_202' title='bbox 51 3782 162 3898; x_wconf 88' lang='lat' dir='ltr'>sceret,</span> <span class='ocrx_word' id='word_1_203' title='bbox 170 3791 230 3873; x_wconf 90' lang='lat' dir='ltr'>vel</span> <span class='ocrx_word' id='word_1_204' title='bbox 238 3793 286 3874; x_wconf 89' lang='lat' dir='ltr'>de</span> <span class='ocrx_word' id='word_1_205' title='bbox 295 3820 374 3902; x_wconf 91' lang='lat' dir='ltr'>quo</span> <span class='ocrx_word' id='word_1_206' title='bbox 383 3819 461 3876; x_wconf 92' lang='lat' dir='ltr'>non</span> <span class='ocrx_word' id='word_1_207' title='bbox 470 3795 666 3896; x_wconf 83' lang='lat' dir='ltr'>constaret,</span> <span class='ocrx_word' id='word_1_208' title='bbox 673 3813 808 3874; x_wconf 80' lang='lat' dir='ltr'>veteris</span> <span class='ocrx_word' id='word_1_209' title='bbox 817 3793 1002 3898; x_wconf 79' lang='lat' dir='ltr'>scriptoris</span> <span class='ocrx_word' id='word_1_210' title='bbox 1011 3791 1096 3894; x_wconf 87' lang='lat' dir='ltr'>esse,</span> 
     </span>
     <span class='ocr_line' id='line_1_33' title="bbox 51 3901 1235 4019; baseline 0.005 -36.061"><span class='ocrx_word' id='word_1_211' title='bbox 51 3901 118 3988; x_wconf 88' lang='lat' dir='ltr'>ans</span> <span class='ocrx_word' id='word_1_212' title='bbox 127 3924 285 4017; x_wconf 82' lang='lat' dir='ltr'>apparet</span> <span class='ocrx_word' id='word_1_213' title='bbox 295 3909 392 4018; x_wconf 82' lang='lat' dir='ltr'>lpse</span> <span class='ocrx_word' id='word_1_214' title='bbox 381 3914 731 4019; x_wconf 85' lang='lat' dir='ltr'>rnmterpretattone</span> <span class='ocrx_word' id='word_1_215' title='bbox 739 3904 913 4011; x_wconf 68' lang='lat' dir='ltr'>austons,</span> <span class='ocrx_word' id='word_1_216' title='bbox 923 3909 1098 3991; x_wconf 76' lang='lat' dir='ltr'>officium</span> <span class='ocrx_word' id='word_1_217' title='bbox 1234 3923 1235 3930; x_wconf 68' lang='lat'>‘</span> 
     </span>
     <span class='ocr_line' id='line_1_34' title="bbox 656 4025 1158 4106; baseline 0.006 -3"><span class='ocrx_word' id='word_1_218' title='bbox 656 4048 665 4062; x_wconf 55' lang='lat'>⁸</span> <span class='ocrx_word' id='word_1_219' title='bbox 969 4025 1097 4106; x_wconf 90' lang='lat' dir='ltr'>edito·</span> <span class='ocrx_word' id='word_1_220' title='bbox 1155 4034 1158 4038; x_wconf 80' lang='grc'><strong>’</strong></span> 
     </span>
    </p>
   </div>
   <div class='ocr_carea' id='block_1_5' title="bbox 0 0 1277 4432">
    <p class='ocr_par' dir='ltr' id='par_1_6' title="bbox 0 0 1277 4432">
     <span class='ocr_line' id='line_1_35' title="bbox 0 0 1277 4432; baseline 0 0"><span class='ocrx_word' id='word_1_221' title='bbox 0 0 1277 4432; x_wconf 95' lang='lat' dir='ltr'> </span> 
     </span>
    </p>
   </div>
  </div>
 </body>
</html>
