2514 4432
140 99 149 114 ⁴
320 31 920 160 'annuentium
1051 111 1107 193 κγ

10 265 74 368 lia,
102 292 207 369 quae
224 284 259 348 et
272 274 322 350 rei
334 269 472 359 medicae
475 269 634 380 studiqir
648 271 746 350 utilia
762 261 962 376 iucundaque
974 269 1104 380 flatura
1219 289 1222 302 '

5 383 102 492 sent,
135 401 176 464 et
197 387 493 490 quaeqeiburdam
511 388 592 466 loeis
605 385 1037 495 obscurioribasplerimem
1053 389 1103 468 la·

12 509 55 580 a'r
76 501 269 611 adferent.
318 509 524 602 (Neutrum
534 530 608 610 ego
622 505 875 612 praestiterim.
932 511 1103 590 Citantur

10 617 94 700 loca
121 639 317 702 veterum
338 641 376 700 et
391 625 646 724 recentiorum
661 620 863 730 quaedam,
880 619 945 703 vbi
968 623 1102 706 endem
1239 615 1242 620 ’

10 739 184 818 nurnina
204 733 374 844 lapidum
392 735 585 842 leguntur':
603 739 693 848 quid
707 735 801 818 lucis
817 734 1019 845 exspettari
1037 738 1102 820 hic

11 852 154 960 poffit,
183 880 287 966 mox
300 851 502 960 specimine
517 851 578 934 vel
594 881 671 934 vno
688 851 950 962 declarabitur)
963 855 1103 962 Aeeeffet

5 985 203 1073 praeterea
216 985 449 1074 argumentum
465 975 499 1048 in
510 970 635 1076 Orphei
648 969 786 1048 libellam
793 969 996 1077 (Demetrii
1013 977 1104 1053 Mo·

12 1083 112 1196 schi)
135 1091 298 1169 Renato
313 1086 522 1168 Perdrierio
539 1093 721 1192 interprete.
777 1087 895 1168 Leode'i
910 1117 953 1167 ex
967 1090 1103 1198 efficiere

12 1201 188 1282 Gaalteri
201 1201 374 1288 Morberir'
386 1205 485 1310 1576.
501 1227 541 1309 4.
585 1213 665 1286 tam·
679 1205 726 1285 de
742 1200 973 1311 praefatione
988 1229 1100 1286 vnam

15 1317 265 1429 alteramque
283 1322 455 1400 notitiam
473 1346 632 1427 ponam:
661 1322 877 1428 „Comperi
900 1322 1103 1426 Argonau-

14 1441 119 1539 „tica
138 1432 359 1522 feliciffime
375 1433 553 1518 latinitate
572 1436 730 1538 donata,
757 1435 798 1519 in
815 1432 954 1548 quibus
969 1433 1103 1542 singuli

16 1553 189 1658 „versus
205 1549 311 1632 latini
319 1549 465 1658 lingulis
480 1556 624 1660 graecis
634 1551 815 1662 aptiffime
824 1552 1106 1662 responderent.

19 1671 194 1773 „Inueni
212 1695 367 1778 quoque
377 1663 474 1750 diua
489 1669 746 1775 Argonautica
763 1690 801 1753 et
809 1673 997 1774 Hymnm,
1012 1693 1103 1752 eum
1203 1659 1207 1669 ’

20 1781 247 1896 „opusculo
264 1782 312 1864 de
327 1779 510 1892 lapidibus
522 1787 568 1867 ad
579 1783 737 1868 verbum
754 1790 793 1866 in
809 1787 984 1868 Latinum
1000 1783 1103 1866 versa

20 1909 204 2007 „Renato
220 1901 428 2010 Perdrierip
452 1898 677 1984 Parrhifienfi
699 1905 921 2010 interprete,
949 1901 1014 1984 sed
1036 1929 1103 1986 ne·

22 2028 250 2130 „quaquam
265 2021 344 2124 pari
357 2015 530 2102 felicitate
545 2043 634 2100 cum
649 2048 712 2122 ea,
741 2039 854 2132 quam
869 2019 917 2099 de
931 2023 1005 2100 Dei
1020 2041 1101 2126 gra-

23 2139 102 2237 „tia
122 2155 166 2216 et
181 2130 374 2217 beneficio
389 2138 427 2216 in
444 2138 729 2242 Argonautica,
753 2139 915 2218 carmine
930 2137 1102 2217 Hernico

23 2250 318 2358 „pulcherrimo
340 2250 513 2356 redditu,
543 2252 699 2362 quidam
722 2253 872 2358 Castellio
895 2251 1103 2354 (critatem

26 2363 182 2470 „voluit
197 2355 300 2447 haud
317 2365 451 2471 dubie,
478 2366 670 2452 vacillante
687 2361 896 2476 memoria)
907 2369 1103 2475 praestitit.

27 2489 182 2587 „Huius
199 2486 303 2564 enim
318 2486 554 2568 invertendo
582 2484 842 2568 dexteritatem
866 2487 1038 2592 liispici0,
1055 2477 1102 2565 il·

27 2598 127 2702 „lius
144 2624 240 2681 vero
257 2598 378 2681 folum
393 2621 593 2706 conatum,
610 2599 931 2702 beneuolentiam,
946 2597 1102 2706 diligen

28 2721 228 2828 „tiamque
244 2714 465 2822 collauda„
521 2725 628 2800 I-Iaec
643 2715 870 2800 eademfere
885 2716 1103 2827 sunt‚'quae

29 2831 175 2914 laudari
192 2835 235 2912 iu
250 2833 377 2914 nostro
394 2837 578 2916 Gamerio
592 2832 693 2916 bona
709 2832 967 2916 fidevidentur
989 2832 1102 2941 polle.
1157 2823 1166 2837 ⁶

31 2949 223 3059 Equidem
239 2947 377 3056 cupide
390 2977 481 3032 cum
496 2951 717 3060 inspicerem
732 2948 913 3056 libellum,
925 2948 1121 3060 aliquam.

34 3065 98 3146 diu
115 3059 386 3170 defideratum,
411 3094 507 3150 mox
524 3068 795 3169 animaduerti,
812 3089 891 3148 non
909 3065 981 3148 effe
996 3064 1103 3176 quod

35 3183 270 3287 poeniteret,
304 3208 384 3278 non
409 3183 500 3286 elie,
539 3183 644 3295 quod
668 3179 827 3266 deriuari
850 3187 890 3264 in
911 3181 989 3265 hoc
1011 3189 1103 3287 Syn-

38 3291 157 3403 tagma
175 3292 379 3406 leliorum,
396 3327 493 3414 quos
510 3305 604 3386 mihi
622 3319 737 3409 opta,
750 3299 945 3382 intereffet.
974 3304 1104 3380 Vnum

39 3412 228 3520 specimen
245 3439 406 3521 ponam,
435 3415 584 3518 locum,
612 3421 746 3529 inquo
769 3411 906 3526 aliquid
928 3415 1022 3496 lucis
1046 3418 1103 3494 in-

40 3534 167 3612 uenire
193 3528 381 3639 optabam.
457 3533 619 3616 Euoluat
642 3532 739 3615 mihi
761 3529 893 3644 aliquis
916 3532 964 3612 de
987 3528 1104 3639 [app.

41 3649 119 3730 Pro,
135 3677 171 3728 v.
191 3651 329 3755 67-74
356 3652 491 3760 inquo
512 3677 626 3760 quam
640 3648 830 3744 laborem,
860 3653 899 3727 in
924 3651 1105 3758 notisin·

43 3759 170 3846 dicaui.
231 3769 347 3847 Hunc
363 3765 487 3852 bouus
503 3772 706 3853 Gamerius
721 3772 773 3850 ita
787 3762 987 3849 transtulit:
1044 3764 1047 3772 “

976 4105 980 4112 ¹
1048 4003 1106 4082 *At
